<collection xmlns="http://www.loc.gov/MARC21/slim">
<record>
  <leader>00582nam0a22000851i 450 </leader>
  <controlfield tag="001">IT\ICCU\CNCE\065850</controlfield>
  <controlfield tag="005">20060825000000.0</controlfield>
  <datafield tag="100" ind1=" " ind2=" ">
    <subfield code="a">20060728             0itac0103    ba</subfield>
  </datafield>
  <datafield tag="200" ind1="1" ind2=" ">
    <subfield code="a">Galeni Omnia tum quae antehac extabant, tum que nunc primum inuenta sunt, opera in Latinam linguam conversa: innumeris pene locis, ex Graecorum exemplarium collatione, fideliter emendata, &amp; suae integritate restituta. Accesserunt capitum numeri, &amp; argumenta, in eos maxime libros, qui medicinae candidatis apprime utiles visi sunt, per Conr. Gesnerum. Adjectus est etiam totius operis index</subfield>
  </datafield>
  <datafield tag="801" ind1=" " ind2="3">
    <subfield code="a">IT</subfield>
    <subfield code="b">ICCU</subfield>
    <subfield code="c">20201115</subfield>
  </datafield>
</record>
</collection>
